@misc{McGowan2009,
  title     = {Electronic retrieval of health information by healthcare providers to improve practice and patient care},
  url       = {http://dx.doi.org/10.1002/14651858.CD004749.pub2},
  DOI       = {10.1002/14651858.cd004749.pub2},
  journal   = {Cochrane Database of Systematic Reviews},
  publisher = {John Wiley & Sons,  Ltd},
  author    = {McGowan,  Jessie and Grad,  Roland and Pluye,  Pierre and Hannes,  Karin and Deane,  Katherine and Labrecque,  Michel and Welch,  Vivian and Tugwell,  Peter},
  editor    = {McGowan,  Jessie},
  year      = {2009},
  month     = jul 
}

@article{Cadag2010,
  title     = {Supporting retrieval of diverse biomedical data using evidence-aware queries},
  volume    = {43},
  ISSN      = {1532-0464},
  url       = {http://dx.doi.org/10.1016/j.jbi.2010.07.005},
  DOI       = {10.1016/j.jbi.2010.07.005},
  number    = {6},
  journal   = {Journal of Biomedical Informatics},
  publisher = {Elsevier BV},
  author    = {Cadag,  Eithon and Tarczy-Hornoch,  Peter},
  year      = {2010},
  month     = dec,
  pages     = {873–882}
}

@inproceedings{Goeuriot2014,
  title     = {An analysis of query difficulty for information retrieval in the medical domain},
  url       = {http://dx.doi.org/10.1145/2600428.2609496},
  DOI       = {10.1145/2600428.2609496},
  booktitle = {Proceedings of the 37th international ACM SIGIR conference on Research development in information retrieval},
  publisher = {ACM},
  author    = {Goeuriot,  Lorraine and Kelly,  Liadh and Leveling,  Johannes},
  year      = {2014},
  month     = jul,
  pages     = {1007–1010},
}

@article{McCarthy2008,
  title     = {Ethics and patient privacy},
  volume    = {48},
  ISSN      = {1544-3191},
  url       = {http://dx.doi.org/10.1331/JAPhA.2008.07144},
  DOI       = {10.1331/japha.2008.07144},
  number    = {6},
  journal   = {Journal of the American Pharmacists Association},
  publisher = {Elsevier BV},
  author    = {McCarthy,  Robert L.},
  year      = {2008},
  month     = nov,
  pages     = {e144–e155}
}

@inproceedings{Quamar2020,
  title     ={Enabling Rich Queries Over Heterogeneous Data From Diverse Sources In HealthCare},
  author    ={Abdul Quamar and Jannik Straube and Yuanyuan Tian},
  booktitle ={Conference on Innovative Data Systems Research},
  year      ={2020},
  url       ={https://api.semanticscholar.org/CorpusID:211016000}
}

@article{Oh2015,
  title     = {Cluster-based query expansion using external collections in medical information retrieval},
  volume    = {58},
  ISSN      = {1532-0464},
  url       = {http://dx.doi.org/10.1016/j.jbi.2015.09.017},
  DOI       = {10.1016/j.jbi.2015.09.017},
  journal   = {Journal of Biomedical Informatics},
  publisher = {Elsevier BV},
  author    = {Oh, Heung-Seon and Jung, Yuchul},
  year      = {2015},
  month     = dec,
  pages     = {70–79}
}

@article{Wang2016,
  title     = {A Part-Of-Speech term weighting scheme for biomedical information retrieval},
  volume    = {63},
  ISSN      = {1532-0464},
  url       = {http://dx.doi.org/10.1016/j.jbi.2016.08.026},
  DOI       = {10.1016/j.jbi.2016.08.026},
  journal   = {Journal of Biomedical Informatics},
  publisher = {Elsevier BV},
  author    = {Wang, Yanshan and Wu, Stephen and Li, Dingcheng and Mehrabi, Saeed and Liu, Hongfang},
  year      = {2016},
  month     = oct,
  pages     = {379–389}
}

@article{Collins2015,
  title     = {A New Initiative on Precision Medicine},
  volume    = {372},
  ISSN      = {1533-4406},
  url       = {http://dx.doi.org/10.1056/NEJMp1500523},
  DOI       = {10.1056/nejmp1500523},
  number    = {9},
  journal   = {New England Journal of Medicine},
  publisher = {Massachusetts Medical Society},
  author    = {Collins,  Francis S. and Varmus,  Harold},
  year      = {2015},
  month     = feb,
  pages     = {793–795}
}

@article{Zhao2018,
  title     = {Using data-driven sublanguage pattern mining to induce knowledge models: application in medical image reports knowledge representation},
  volume    = {18},
  ISSN      = {1472-6947},
  url       = {http://dx.doi.org/10.1186/s12911-018-0645-3},
  DOI       = {10.1186/s12911-018-0645-3},
  number    = {1},
  journal   = {BMC Medical Informatics and Decision Making},
  publisher = {Springer Science and Business Media LLC},
  author    = {Zhao, Yiqing and Fesharaki, Nooshin J. and Liu, Hongfang and Luo, Jake},
  year      = {2018},
  month     = jul 
}

@article{Balaneshinkordan2019,
  title     = {Bayesian approach to incorporating different types of biomedical knowledge bases into information retrieval systems for clinical decision support in precision medicine},
  volume    = {98},
  ISSN      = {1532-0464},
  url       = {http://dx.doi.org/10.1016/j.jbi.2019.103238},
  DOI       = {10.1016/j.jbi.2019.103238},
  journal   = {Journal of Biomedical Informatics},
  publisher = {Elsevier BV},
  author    = {Balaneshinkordan, Saeid and Kotov, Alexander},
  year      = {2019},
  month     = oct,
  pages     = {103238}
}
